%%textual
@article{romero1998johnson,
  title={Johnson Noise},
  author={Romero, Nichols A},
  journal={power},
  volume={2},
  pages={4}
}

@manual{icsp-guide,
  title={In-Circuit Serial Programming ICSP Guide},
  organization={Microchip Technology Inc.},
  year={2003}
}

@article{oshana2002introduction,
  title={Introduction to JTAG},
  author={Oshana, Rob},
  journal={Embedded systems programming,< http://www. embedded. com/showArticle. jhtml},
  year={2002}
}

@inproceedings{balogh2010educational,
  title={Educational robotic platform based on arduino},
  author={Balogh, Richard},
  booktitle={Proceedings of the 1st international conference on Robotics in Education, RiE2010. FEI STU, Slovakia},
  pages={119--122},
  year={2010}
}

@book{laurel1990art,
  title={The art of human-computer interface design},
  author={Laurel, Brenda and Mountford, S Joy},
  year={1990},
  publisher={Addison-Wesley Longman Publishing Co., Inc.}
}

@article{devices2010adxl335,
  title={Adxl335: Small, low power, 3-axis$\pm$3 g accelerometer},
  author={Devices, Analog},
  journal={ADXL335 Data Sheet Rev B, Jan},
  pages={52},
  year={2010}
}

@article{lepkowski2006evaluating,
  title={Evaluating TVS protection circuits with SPICE},
  author={Lepkowski, Jim and Lepkowski, W},
  journal={Power Electronics Technology},
  volume={32},
  number={1},
  pages={44},
  year={2006},
  publisher={PRIMEDIA}
}

@article{sensors2000,
  title={Protecting Instrumentation Amplifiers},
  author={Bryant, James and Kester, Walt and Kitchin, Chuck and Nash, Eamon},
  journal={Sensors},
  pages={6},
  year={2000}
}

@manual{ad8495-datasheet,
  title={AD8495: Precision Thermocouple Amplifiers with Cold Junction Compensation},
  organization={Analog Devices},
  year={2010}
}

@manual{nds332p-datasheet,
  title={NDS332P: P-Channel Logic Level Enhancement Mode Field Effect Transistor},
  organization={Fairchild},
  year={1997}
}

@manual{lm2907-datasheet,
  title={LM2907 and LM2917 Frequency to Voltage Converter},
  organization={Texas Instruments},
  year={2000}
}

@manual{smbj12a-datasheet,
  title={Transient Voltage Suppression Diodes, SMBJ Series},
  organization={Littlefuse},
  year={2015}
}

@manual{nx7002ak-datasheet,
  title={60 V, single N-channel Trench MOSFET},
  organization={Nexperia},
  year={2015}
}

@manual{tl2575-05,
  title={TL2575, TL2575HV 1-A Simple Step-Down Switching Voltage Regulators},
  organization={Texas Instruments},
  year={2014}
}

@manual{lm2574-12-datasheet,
  title={LM2574x SIMPLE SWITCHER 0.5-A Step-Down Voltage Regulator},
  organization={Texas Instruments},
  year={2016}
}

@misc{analog2011operational,
  title={Operational Amplifiers Selection Guide 2011-2012: Detachable Charts Inside for Quick Product Selection \& Design Equations},
  author={Analog Devices Inc.(Norwood, Mass.)},
  year={2011},
  publisher={Analog Devices}
}

@manual{fm205-2-datasheet,
  title={FM205: Glass PAssivated Silicon Rectifier},
  organization={Rectron Semiconductor},
  year={2010}
}

@manual{fm5819-w-datasheet,
  title={FM5819: Surface Mount Schottky Barrier Rectifier},
  organization={Rectron Semiconductor},
  year={2010}
}

@manual{NSR0530HT1G-datasheet,
  title={NSR0530H: Schottky Barrier Diode},
  organization={ON Semiconductor},
  year={2016}
}

@manual{adr510artz-datasheet,
  title={ADR510: 1.0 V Precision Low Noise Shunt Voltage Reference},
  organization={Analog Devices},
  year={2007}
}

@manual{max6107eur+t-datasheet,
  title={MAX6107:Low-Cost, Micropower, Low-Dropout, High-Output-Current, SOT23 Voltage Regulator},
  organization={Maxim},
  year={2002}
}

@manual{TPL7407LAPWR-datasheet,
  title={TPL7407LA 30-V 7-Channel Low Side Driver},
  organization={Texas Instruments},
  year={2017}
}

@manual{ntzd3152pt1h-datasheet,
  title={Small Signal MOSFET, -20 V, -430 mA, Dual P-Channel with ESD Protection},
  organization={ON Semiconductor},
  year={2016}
}

@manual{mcp6001-datasheet,
  title={MCP6001: 1 MHz, Low-Power Op Amp},
  organization={Microchip},
  year={2009}
}

@manual{mcp2221a-datasheet,
  title={USB 2.0 to I2C/UART Protocal Converter with GPIO},
  organization={Microchip},
  year={2016}
}

@manual{stf202-22t1g-datasheet,
  title={USB Filter with ESD Protection},
  organization={ON Semiconductor},
  year={2012}
}

@manual{bc548,
  title={Amplifier Transistors NPN Silicon},
  organization={ON Semiconductor},
  year={2012}
}

@misc{o2011pressure,
  title={Pressure sensor disconnect detection for a blood treatment device},
  author={O'mahony, John J and Gelfand, Mark and Merrick, Edwin B},
  year={2011},
  month=feb # "~15",
  publisher={Google Patents},
  note={US Patent 7,886,611}
}

@manual{two-ways-thermocouple,
  title={Two Ways to Measure Temperature Using Thermocouples Feature Simplicity, Accuracy, and Flexibility},
  author={Duff, Matthew and Towey, Joseph},
  organization={Analog Devices},
  year={2010}
}

@manual{circuit-protection-usb,
  title={Why does USB 2.0 need Circuit Protection?},
  author={Littlelfuse},
  organization={Littlelfuse},
  year={2010}
}

@book{mancini2003op,
  title={Op amps for everyone: design reference},
  author={Mancini, Ron},
  year={2003},
  publisher={Newnes}
}

@misc{instrumentationAmpEqn,
  author = {AllAboutCircuit},
  title = {{Volkswagen Gol 1.0} Ficha Técnica},
  year = 2017,
  url = {http://www.carrosnaweb.com.br/fichadetalhe.asp?codigo=1528},
  urldate = {2017-07-09}
}

@misc{gums2018,
  author = {Jason Gums},
  title = {Types of Temperature Sensors},
  organization = {Digi-Key},
  year = 2018,
  url = {https://www.digikey.com/en/blog/types-of-temperature-sensors},
  urldate = {2018-05-16}
}

@misc{newton2016braketemperatures,
  author = {Richard Newton},
  title = {Brake Temperatures},
  year = 2016,
  url = {http://cartechstuff.blogspot.com.br/2016/04/brake-temperatures.html},
  urldate = {2018-05-16}
}

@book{limpert1999brake,
  title={Brake design and safety},
  author={Limpert, Rudolf},
  year={1999}
}

@misc{carparts-brake,
  organization = {CarParts},
  title = {A Short Course on Brakes},
  year = 2018,
  url = {https://www.carparts.com/brakes.htm},
  urldate = {2018-05-16}
}

@misc{hsw-speedometers,
  organization = {William Harris},
  title = {How Speedometers Work},
  year = 2007,
  url = {https://auto.howstuffworks.com/car-driving-safety/safety-regulatory-devices/speedometer.htm},
  urldate = {2018-05-16}
}

@misc{goodyear-calipers,
  organization = {Goodyear},
  title = {Brake Calipers: The Top 3 Things You Need to Know},
  year = 2018,
  url = {https://www.goodyearautoservice.com/en-US/brakes/calipers},
  urldate = {2018-05-16}
}


@misc{et-mosfet,
  author = {Ian Poole},
  title = {What is a MOSFET: Basics and Tutorial},
  year = 2017,
  url = {https://www.electronics-tutorials.ws/transistor/tran_6.html},
  urldate = {2018-05-03}
}


@misc{radio-mosfet,
  organization = {Electronics Tutorial},
  title = {The MOSFET},
  year = 2017,
  url = {https://www.electronics-tutorials.ws/transistor/tran_6.html},
  urldate = {2018-05-03}
}

@misc{atmega328p-datasheet,
  title={Microchp ATmega328PB datasheet},
  organization={Microchip},
  year={2018},
  publisher={ed}
}
@misc{equinox-isp,
  title={ISP Target System Header Selection for AVR and AT89S FLASH Microcontrollers},
  organization={Equinox Tech}
}
@misc{songle-relay-datasheet,
  title={Songle Relay},
  organization={Songle},
  year={2018}
}

@misc{serialPortNeverSayDie,
  author = {EETimes},
  title = {The Serial Port: Never Say Die},
  year = 2013,
  url = {https://www.eetimes.com/author.asp?section_id=36&doc_id=1319282},
  urldate = {2018-04-12}
}

@misc{usbSerialAdapter,
  author = {Magneto Tech Research},
  title = {USB to Serial adapters Wiki},
  year = 2008,
  url = {http://www.usb-serial-adapter.org/},
  urldate = {2018-04-12}
}

@misc{pneus-facil-todas-as-medidas-de-pneu,
  title = {Todas as Medidas de Pneu},
  year = 2018,
  url = {https://www.pneusfacil.com.br/comprepneus},
  urldate = {2018-04-12}
}

@manual{texas-active-filer,
	author = {Karki, Jim},
	title = {Active Low-Pass Filter Design},
	year = {2002}
}

@manual{tl2575-05-datasheet,
  organization = {Texas Insturments},
  title = {TL2575, TL2575HV 1-A Simple Step-Down Switching Voltage Regulators
},
  year = {2014}
}

@manual{LM78L10-datasheet,
  organization = {HTCKorea},
  title = {3-TERMINAL 0.1A POSITIVE VOLTAGE REGULATOR},
  year = {2014}
}

@inbook{dorf-non-inverting-opamp-eqn,
  title={Introduction to Electrical Circuits},
  author={Dorf, Richard C. and Svoboda, James A.},
  chapter={6},
  pages={203},
  year={2014},
  publisher={LTC},
  edition={8},
  note={Equation 6.5-1 (b)}
}

@book{holmes2003pulse,
  title={Pulse width modulation for power converters: principles and practice},
  author={Holmes, D Grahame and Lipo, Thomas A},
  volume={18},
  year={2003},
  publisher={John Wiley \& Sons}
}

@article{james2001fundamentals,
  title={Fundamentals of Linear Electronics: Integrated and Discrete},
  author={James, C},
  journal={Fundamentals of linear electronics: integrated and discrete. Cengage Learning},
  year={2001}
}

@article{standard19961037c,
  title={1037c. telecommunications: Glossary of telecommunication terms},
  author={Standard, Federal},
  journal={Institute for Telecommunications Sciences},
  volume={7},
  year={1996}
}

@book{dorfSvodoba2014,
  title={Introduction to Electrical Circuits},
  author={Dorf, Richard C. and Svoboda, James A.},
  year={2014},
  publisher={LTC},
  edition={8}
}

@inbook{analogDevDesignersGuide,
  title={A Designer's Guide to Instrumentation Amplifiers},
  author={Counts, Lew and Kitchen, Charles},
  chapter={2},
  pages={3},
  year={2006},
  publisher={Analog Devices},
  edition={3},
  note={Adapted}
}

@misc{lideres-vendas-brasil,
  author = {Danilo Hernandes},
  title = {Relembre todos os carros que já lideraram as vendas no Brasil em 60 anos de hitória},
  year = 2017,
  url = {https://www.flatout.com.br/relembre-todos-os-carros-que-ja-lideraram-as-vendas-no-brasil-em-60-anos-de-historia/},
  urldate = {2017-07-09}
}

@misc{thomsen2003application,
  title={Application of a conditionally stable instrumentation amplifier to industrial measurement},
  author={Thomsen, Axel and De Angel, Edwin and Wu, Sherry and Amar, Aryesh and Johnston, Jerome E},
  year={2003},
  month=feb # "~25",
  publisher={Google Patents},
  note={US Patent 6,525,589}
}

@article{mettingvanrijn1994amplifiers,
  title={Amplifiers for bioelectric events: a design with a minimal number of parts},
  author={MettingVanRijn, AC and Peper, A and Grimbergen, CA},
  journal={Medical and Biological Engineering and Computing},
  volume={32},
  number={3},
  pages={305--310},
  year={1994},
  publisher={Springer}
}

@misc{cnwgol1993,
  author = {CNW},
  title = {{Volkswagen Gol Plus 1.0} Ficha Técnica},
  year = 2017,
  url = {http://www.carrosnaweb.com.br/fichadetalhe.asp?codigo=431},
  urldate = {2017-07-09}
}

@incollection{cumberbatch2001current,
  title={Current-voltage characteristics from an asymptotic analysis of the MOSFET equations},
  author={Cumberbatch, Ellis and Abebe, Henok and Morris, Hedley},
  booktitle={Practical Asymptotics},
  pages={25--46},
  year={2001},
  publisher={Springer}
}

@misc{cnwgol2013,
  author = {CNW},
  title = {{Volkswagen Gol 1.0} Ficha Técnica},
  year = 2017,
  url = {http://www.carrosnaweb.com.br/fichadetalhe.asp?codigo=1528},
  urldate = {2017-07-09}
}


@article{gardinalli2005comparaccao,
  title={Compara{\c{c}}{\~a}o do desempenho de frenagem simulada x experimental de um ve{\'\i}culo de passeio com freios hidr{\'a}ulicos e ABS},
  author={Gardinalli, Geraldo J},
  journal={Trabalho de Conclus{\~a}o de Curso apresentado {\`a} Escola Polit{\'e}cnica da Universidade de S{\~a}o Paulo para obten{\c{c}}{\~a}o do t{\'\i}tulo de Mestre em Engenharia Automotiva},
  year={2005}
}

@book{halderman2016automotive,
  title={Automotive brake systems},
  author={Halderman, James D and Mitchell, Chase D},
  year={2016},
  publisher={Prentice Hall}
}

@article{kawaguchi,
	Author = {Hiroaki Kawaguchi},
	Title = {Comparação da Análise de Conforto de Frenagem Subjetiva x Objetiva de um Veículo de Passeio},
	Year = {2005},
	Address = {São Paulo, Brazil},
	Pages = {101},
}

@manual{inmetro2013,
	Author = {INMETRO},
	Title = {Regulamento Técnico da Qualidade para Materiais de Atrito Destinados ao Uso em Freios de Veículos Roviários Automotores},
	Year = {2013},
	Address = {Rio de Janeiro, Brasil},
	Pages = {25},
}


@article{kinzie1973thermocouple,
  title={Thermocouple temperature measurement},
  author={Kinzie, Phillip Arthur and Rubin, Lawrence G},
  journal={Physics Today},
  volume={26},
  pages={52},
  year={1973}
}

@book{window1982strain,
  title={Strain gauge technology.},
  author={Window, Al L and Holister, Geoffry S and others},
  year={1982},
  publisher={Applied science publishers}
}

@manual{saej2522,
	Author = {SAE},
	Title = {Dynamometer Global Brake Effectiveness},
	Year = {2003},
	Address = {Rio de Janeiro, Brasil},
	Pages = {18},
}

@misc{schroeder2002crankshaft,
  title={Crankshaft position sensor},
  author={Schroeder, Thaddeus},
  year={2002},
  month=feb # "~12",
  publisher={Google Patents},
  note={US Patent 6,346,808}
}

@misc{sae,
  author = {SAE},
  title = {SAE},
  month = jun,
  year = {2016},
  url = {http://www.sae.org/}
}

@misc{sparkfunSerial,
  title = {Serial Communication},
  year = {2018},
  organization={SparkFun Electronics},
  url = {https://learn.sparkfun.com/tutorials/serial-communication/all},
  urldate = {2018-04-`5}
}

@manual{joaocan2000,
	Author = {João Candido Fernandes},
	Title = {Segurança  nas  Vibrações  sobre o  Corpo  Humano},
	Year = {2000},
	Pages = {11},
}

@manual{ina118,
	Author = {Texas Instruments},
	Title = {INA118 Precision, Low Power Instrumentation Amplifier},
	Year = {2000},
	Pages = {29},
}

@article{nordtvedt1968equivalence,
  title={Equivalence principle for massive bodies. II. Theory},
  author={Nordtvedt Jr, Kenneth},
  journal={Physical Review},
  volume={169},
  number={5},
  pages={1017},
  year={1968},
  publisher={APS}
}

@article{patrick2006,
	Author = {Walter L. Patrick},
	Title = {The History of the Accelerometer: 1920s-1996 - Prologue and Epilogue},
	Year = {2007},
	Address = {Ft. Worth - Texas, Estados Unidos da América},
	Pages = {9},
}

@book{pollock1991thermocouples,
  title={Thermocouples: theory and properties},
  author={Pollock, Daniel D},
  year={1991},
  publisher={CRC press}
}

@article{keller1962relays,
  title={Relays and switches},
  author={Keller, AC},
  journal={Proceedings of the IRE},
  volume={50},
  number={5},
  pages={932--934},
  year={1962},
  publisher={IEEE}
}

@article{zhang2006tiny,
  title={A Tiny Temperature Measuring System Employing Thermocouple Amplifier AD595 [J]},
  author={ZHANG, Rui and YANG, Xiaoling and ZHANG, Jinmi and LI, Yi and LI, Zhiyang},
  journal={Modern Electronics Technique},
  volume={1},
  pages={042},
  year={2006}
}

@article{fialhosimulaccao,
  title={Simula{\c{c}}{\~a}o e Projeto de C{\'e}lulas de Carga},
  author={Fialho, Luiz Filipe Lopes and da Cunha, Vicente Costamilan and Hirt, Wilson Eduardo Dreissig and Instrumenta{\c{c}}{\~a}o, A and Balbinot, Alexandre}
}

@book{wait1975introduction,
  title={Introduction to operational amplifier theory and applications},
  author={Wait, John V and Huelsman, Lawrence P and Korn, Granino Arthur},
  year={1975},
  publisher={McGraw-Hill Companies}
}

@article{rubio2012circuitos,
  title={Circuitos con diodos},
  author={Rubio Pena, Luis},
  year={2012}
}

@misc{devices1997monolithic,
  title={„Monolithic Thermocouple Amplifiers with Cold Junction Compensation, AD594/AD595 “},
  author={Devices, Analog},
  year={1997},
  publisher={Norwood:[sn]}
}

@misc{schematic-ina118,
  title={INA 118},
  author={Texas Instruments},
  year={2000},
}

@misc{coorporation2011atmel,
  title={Atmel ATmega328P Datasheet},
  author={Coorporation, Atmel},
  year={2011}
}

@misc{smbj10ca-datasheet,
  title={SMBJ Series Datasheet},
  author={Littelfuse},
  year={2017}
}

@book{neudeck1989bipolar,
  title={The bipolar junction transistor},
  author={Neudeck, Gerold W},
  volume={3},
  year={1989},
  publisher={Prentice Hall}
}


@misc{arduinocc,
  author = {Arduino},
  title = {Arduino},
  year = 2016,
  url = {https://www.arduino.cc/},
  urldate = {2016-11-20}
}

@book{webster2014measurement,
  title={Measurement, instrumentation, and sensors handbook: spatial, mechanical, thermal, and radiation measurement},
  author={Webster, John G and Eren, Halit},
  volume={1},
  year={2014},
  publisher={CRC press}
}	

@inproceedings{mandell1972hardware,
  title={Hardware/software trade-offs: reasons and directions},
  author={Mandell, Richard L},
  booktitle={Proceedings of the December 5-7, 1972, fall joint computer conference, part I},
  pages={453--459},
  year={1972},
  organization={ACM}
}
	
@misc{careerIndia,
  author = {Vidhya Shree},
  title = {What is Instrumentation Engineering? Scope and Career Opportunities},
  year = 2016,
  url = {https://www.careerindia.com/courses/unique-courses/what-is-instrumentation-engineering-scope-and-career-opportunities-015486.html},
  urldate = {2017-13-10}
}

@misc{instrumentation-control-engineering-perfectionists,
  author = {Electronics For You},
  title = {Instrumentation and Control Engineering is for Perfectionists},
  year = 2012,
  url = {http://electronicsforu.com/resources/instrumentation-control-engineering-perfectionists},
  urldate = {2017-13-10}
}

@online{mcuDef,
  author = {Margaret Rouse},
  title = {microcontroller},
  year = 2012,
  url = {http://internetofthingsagenda.techtarget.com/definition/microcontroller},
  urldate = {2017-13-10}
}
	
@misc{bartz2004data,
  title={Data driven method and system for monitoring hardware resource usage for programming an electronic device},
  author={Bartz, Manfred and Zhaksilikov, Marat and Ogami, Kenneth Y},
  year={2004},
  month=aug # "~31",
  publisher={Google Patents},
  note={US Patent 6,785,881}
}

@book{kernighan2006c,
  title={The C programming language},
  author={Kernighan, Brian W and Ritchie, Dennis M},
  year={2006}
}	
	
	
@book{Mazidi:2010:AME:1824214,
 author = {Mazidi, Muhammad Ali and Naimi, Sarmad and Naimi, Sepehr},
 title = {AVR Microcontroller and Embedded Systems: Using Assembly and C},
 year = {2010},
 isbn = {0138003319, 9780138003319},
 edition = {1st},
 publisher = {Prentice Hall Press},
 address = {Upper Saddle River, NJ, USA},
} 

@article{mukaro1999microcontroller,
  title={A microcontroller-based data acquisition system for solar radiation and environmental monitoring},
  author={Mukaro, Raphael and Carelse, Xavier Francis},
  journal={IEEE transactions on instrumentation and measurement},
  volume={48},
  number={6},
  pages={1232--1238},
  year={1999},
  publisher={IEEE}
}

@manual{wegCFW08Manual,
  title        = {CFW-08 Frequency Inverter},
  author       = {WEG}, 
  organization = {WEG},
  year         = 2009,
}

@manual{alter2008pwm,
  title        = {Using PWM Output as a Digital-to-Analog Converter on a
TMS320F280x Digital Signal Controller},
  author       = {Alter, David M.}, 
  organization = {Texas Instruments},
  year         = 2008,
}

@book{kitchin2004designer,
  title={A designer's guide to instrumentation amplifiers},
  author={Kitchin, Charles and Counts, Lew},
  year={2004},
  publisher={Analog Devices}
}

@manual{metivier2013pwm,
  title        = {Method for Converting a PWM Output to an Analog Output
When Using Hall-Effect Sensor ICs},
  author       = {Metivier, Ryan}, 
  organization = {Allegro MicroSystems, LLC},
  year         = 2013,
}

@misc{keim2016pwm,
  title={Low-Pass Filter a PWM Signal into an Analog Voltage},
  author={Keim, Robert},
  year={2016},
  url = {https://www.allaboutcircuits.com/technical-articles/low-pass-filter-a-pwm-signal-into-an-analog-voltage/},
  urldate = {2017-11-19}
}
@misc{diffkinnaird,
  title={Differential signaling best practices},
  author={Kinnaird, Clark},
  year={2012},
  url = {https://www.ecnmag.com/article/2012/12/differential-signaling-best-practices},
  urldate = {2018-04-17}
}

@misc{pinkle2016dif,
  title={The Why and How of Differential Signaling},
  author={Pinkle, Carsten},
  year={2016},
  url = {https://www.allaboutcircuits.com/technical-articles/the-why-and-how-of-differential-signaling/},
  urldate = {2018-04-17}
}

@misc{adc-good,
  title={Caution! Your ADC may be only as good as its power supply},
  author={Andrews, Ryan},
  year={2015},
  url = {https://e2e.ti.com/blogs_/archives/b/precisionhub/archive/2015/05/22/caution-your-adc-may-be-only-as-good-as-its-power-supply},
  urldate = {2018-04-30}
}

@manual{texas1999sallenkey,
  title={Analysis of the Sallen-Key Architecture},
  organization={Texas Instruments},
  address={Dallas, Texas 75265},
  year={1999}
}

@manual{walshAD,
  title={Protecting ADC Inputs},
  author={Walsh, Alan},
  organization={Analog Devices},
  year={2017}
}

@manual{burgess2015pwm,
  title={PWM to DC Voltage Conversion},
  author={Burgess, Kyle},
  year={2015}
}


@article{garfinkel1995usb,
  title={USB deserves more support},
  author={Garfinkel, Simson L},
  journal={Boston Globe Online},
  year={1995}
}

@article{specification91,
  title={1.0, Jan. 15, 1996},
  author={Specification-Rev, Universal Serial Bus},
  journal={Sec},
  volume={9},
  number={2},
  pages={184--185}
}

@misc{nordyke2001multi,
  title={Multi-bit (2i+ 2)-wire differential coding of digital signals using differential comparators and majority logic},
  author={Nordyke, Keith D},
  year={2001},
  month=aug # "~21",
  publisher={Google Patents},
  note={US Patent 6,278,740}
}

@misc{radunovic2011full,
  title={Full-duplex wireless communications},
  author={Radunovic, Bozidar and Singh, Nikhil and Gunawardena, Dinan Srilal and Proutiere, Alexandre and Key, Peter Bernard},
  year={2011},
  month=oct # "~4",
  publisher={Google Patents},
  note={US Patent 8,031,744}
}

@misc{futureUart,
  title={What is a UART?},
  author={Future},
  year={2018},
  url = {http://www.futureelectronics.com/en/Signal-Interface/uart.aspx},
  urldate = {2018-04-17}
}

@misc{keimUart2016,
  title={Back to Basics: The Universal Asynchronous Receiver/Transmitter (UART)},
  author={Keim, Robert},
  year={2016},
  url = {https://www.allaboutcircuits.com/technical-articles/back-to-basics-the-universal-asynchronous-receiver-transmitter-uart/},
  urldate = {2018-04-17}
}

@misc{GMIloadcell,
  title={SIL 2 Load Cell/Strain Gauge Bridge Isolating Converter DIN-Rail Model D1064S},
  author={GMI},
  year={2014},
  url = {http://www.gminternational.com/get.php?w=dts&id=DTS0239&pid=},
  urldate = {2018-05-02}
}

@misc{schweber2017,
  title={Understanding the Advantages and Disadvantages of Linear Regulators},
  author={Bill Schweber},
  year={2017},
  url = {https://www.digikey.com/en/articles/techzone/2017/sep/understanding-the-advantages-and-disadvantages-of-linear-regulators},
  urldate = {2018-05-01}
}

@manual{littlelFuseWhatIsTransientVoltage,
  title={Transient Voltage Suppressors (TVS Diode) Applications Overview},
  author={Littlelfuse},
  organization={Littlelfuse},
  year={2015}
}

@manual{renesasTVS,
  title={Application Note 1977: Transient Voltage Suppressors: Operation and Features},
  author={Renesas},
  organization={Renesas},
  year={2016}
}

@manual{microSemiSelectTVS,
  title={How To Select Transient Voltage Suppressors},
  author={Walters, Kent},
  organization={Microsemi},
  year={2016}
}

@article{xavier2017benefits,
  title={The Benefits of Low Operating Voltage Devices to the Energy Efficiency of Parallel Systems},
  author={Xavier-de-Souza, Samuel and Neves, Eduardo A and Furtunato, Alex FA and Silveira, Luiz FQ and Georgiou, Kyriakos and Eder, Kerstin I},
  journal={arXiv preprint arXiv:1709.08689},
  year={2017}
}

@article{lepkowski2005and8230,
  title={AND8230- Application Hints for Transient Voltage Suppression Diode Circuits},
  author={Lepkowski, Jim},
  journal={ON Semiconductor},
  year={2005}
}

@inproceedings{standler1988use,
  title={Use of low-pass filters to protect equipment from transient overvoltages on the mains},
  author={Standler, RB},
  booktitle={Industrial and Commercial Power Systems Technical Conference, 1988. Conference Record, Papers Presented at the 1988 Annual Meeting.},
  pages={66--73},
  year={1988},
  organization={IEEE}
}

@misc{toumani1983transformerless,
  title={Transformerless noninverting buck boost switching regulator},
  author={Toumani, Rouben},
  year={1983},
  month=jul # "~26",
  publisher={Google Patents},
  note={US Patent 4,395,675}
}

@misc{ad17,
  title={Altium Designer 17},
  url = {https://www.altium.com/s},
  urldate = {2018-05-01},
  year={2017}
}


%%images and tables

@misc{fig-wegCFW08,
  author = {WEG},
  title = {WEG CFW08 Frequency Inverter},
  year = 2017,
  url = {http://ecatalog.weg.net/files/produtos/CFW-08_G.jpg},
  urldate = {2017-11-19}
}
@misc{termo-curves,
  author = {Unkwnon},
  title = {Curva de Variação da F.E.M dos Termopares},
  year = 2016,
  url = {http://www.termopares.com.br/teoria_sensores_temperatura_termopares_curvas_variacao_fem/curvas.gif},
  urldate = {2016-11-12}
}

@misc{termo-med,
  author = {ECIL},
  title = {Medição com Termopares},
  year = 2016,
  url = {http://www.ecil.com.br/imagens/seedback2.jpg},
  urldate = {2016-11-12}
}

@misc{strain-def,
  author = {National Instruments},
  title = {Definition of Strain},
  year = 2016,
  url = {http://www.ni.com/cms/images/devzone/tut/a/83a1fe69763.gif},
  urldate = {2016-11-12}
}

@misc{wheat-bridge,
  author = {National Instruments},
  title = {Wheatstone Bridge Circuit},
  year = 2016,
  url = {http://www.ni.com/cms/images/devzone/tut/a/a28b553b1069.gif},
  urldate = {2016-11-12}
}

@misc{ckp-gm,
  author = {Motor City Reman},
  title = {GM Replacement 10456042 Crankshaft Position Sensor},
  year = 2016,
  url = {http://ep.yimg.com/ay/motorcityreman/general-motors-oe-10456042-crankshaft-position-sensor-1.gif},
  urldate = {2016-11-12}
}

@misc{cam-sensor-signal,
  organization = {Petrolhead Garage},
  title = {CKP sensor signal example},
  year = 2014,
  url = {https://petrolheadgarage.com/wp-content/uploads/2014/10/EDISDiagram.jpg},
  urldate = {2018-05-16}
}

@misc{piezo-accel,
  author = {Maintenance Online UK},
  title = {Compression Accelerometer},
  year = 2016,
  url = {http://www.maintenanceonline.co.uk/maintenanceonline/content_images/figure-2(1).jpg},
  urldate = {2016-11-12}
}

@misc{relay-scheme,
  author = {Leland Teschler},
  title = {Typical Simplified Eletromechanical Relay Schematic},
  year = 2016,
  url = {http://machinedesign.com/site-files/machinedesign.com/files/uploads/2014/07/relay_diagram.gif},
  urldate = {2016-11-12}
}


@misc{3opamp,
  author = {Desconhecido},
  title = {Typical instrumentation amplifier schematic},
  year = 2016,
  url = {https://upload.wikimedia.org/wikipedia/commons/thumb/e/ed/Op-Amp_Instrumentation_Amplifier.svg/400px-Op-Amp_Instrumentation_Amplifier.svg.png},
  urldate = {2016-11-12},
}

@misc{fig-working-of-disk-breaks,
  author = {Nice, Karim},
  title = {How Disc Brakes Work},
  year = 2017,
  url = {https://s.hswstatic.com/gif/disc-brake3.jpg},
  urldate = {2017-11-18},
}

@misc{ad8223-datasheet,
  title={AD8223: Single-Supply, Low Cost Instrumentation Amplifier},
  author={Analog Devices},
  year={2008},
}

@misc{hw-proj,
  author = {Joao Guimaraes},
  title = {Brake Test Bench Hardware Project},
  year = 2017,
}

@misc{leds-uart,
  author = {Joao Guimaraes},
  title = {UART feedback LEDs driver},
  year = 2018,
}

@misc{leds-sensor-disconnection-acquisition-circuit,
  author = {Joao Guimaraes},
  title = {Sensor Disconnection and Acquisition LED driver circuit},
  year = 2018,
}

@misc{accelerometer-sensor-detection-circuit,
  author = {Joao Guimaraes},
  title = {Accelerometer Sensor Detection Circuit},
  year = 2018,
}

@misc{power-supplies-leds,
  author = {Joao Guimaraes},
  title = {Power Supplies Voltage LEDs Circuit},
  year = 2018,
}

@misc{mcu-circuit,
  author = {Joao Guimaraes},
  title = {MCU Complete Complementary Circuit},
  year = 2018,
}

@misc{fig-dutyCycle,
  title = {Duty Cycle},
  organization={RZtronics},
  year={2016},
  url={https://i1.wp.com/rztronics.com/wp-content/uploads/2016/10/pwm.gif?zoom=1.899999976158142&resize=390%2C427},
  urldate={2017-11-20}
}


@misc{microCodeMap,
  author = {Joao Guimaraes},
  title = {Brake Test Bench Microcontroller Code Map},
  year = 2017,
}

@misc{projectProblem,
  author = {Joao Guimaraes},
  title = {Project Problem Depuration},
  year = 2017,
}

@misc{fig-opamp,
  author = {Omegatron},
  title = {Op-amp pinouts},
  year = 2007,
}

@misc{fig-closed-loop-opamp,
  author = {Ong saluri},
  title = {Op-amp inverting amplifier circuit},
  year = 2009,
}

@misc{mcp2221a-basic-circuit,
  author = {Microchip},
  title = {MCP2221 Breakout Module},
  year = 2010,
}

@misc{arduino-rev3-schematic,
  author = {Arduino},
  title = {Arduino REV3 Schematic},
  year = 2010,
}

@misc{usb-uart-circuit,
  author = {Joao Guimaraes},
  title = {USB/UART Converter Circuit},
  year = 2018,
}

@misc{stf202-22t1g-sch,
  author = {ONSemi},
  title = {STF202-22T1G Circuit},
  year = 2012,
}

@misc{overvoltage-sensor-detection,
  author = {Joao Guimaraes},
  title = {Overvoltage Detection Circuit},
  year = 2018,
}

@misc{thermocouple-complete-conditioning-protection-circuit,
  author = {Joao Guimaraes},
  title = {Thermocouple Complete Conditioning and Protection Circuit},
  year = 2018,
}

@misc{load-cell-complete-circuit,
  author = {Joao Guimaraes},
  title = {Load Cell Complete Circuit and Protection Circuit},
  year = 2018,
}

@misc{conditioning-circuit-for-the-load-cell,
  author = {Joao Guimaraes},
  title = {Conditioning Circuit for the Load Cell},
  year = 2018,
}

@misc{accelerometer-signal-conditioning-circuit,
  author = {Joao Guimaraes},
  title = {Accelerometer Signal Conditioning Circuit},
  year = 2018,
}

@misc{ad8495-functional-block,
  author = {Analog Devices},
  title = {AD8495 Functional Block Diagram},
  year = 2011,
}

@misc{rfi-standard-filter,
  author = {Joao Guimaraes},
  title = {RFI Standard Filter},
  year = 2018,
}

@misc{serial_vs_parallel_transmission,
  author = {Unknown},
  title = {Serial vs Parallel Transmission},
  year = 2017,
  url={https://commons.wikimedia.org/wiki/File:Serial_vs._parallel_transmission.svg},
  urldate={2018-04-17},
}

@misc{usb2.0-wires,
  author = {Unknown},
  title = {USB2.0 cable},
  url={http://pinouts.ru/Slots/USB_pinout.shtml},
  urldate={2018-04-17},
  year={2017}
}

@misc{diff-signaling-autodesk,
  author = {Autodesk},
  title = {What Differential Signaling Is All About},
  url={https://www.autodesk.com/products/eagle/blog/wp-content/uploads/2017/06/07c0be30313.gif},
  urldate={2018-04-17},
  year=2017
}

@misc{uart-connection,
  author = {Keim, Robert},
  title = {UART connection},
  url={https://www.allaboutcircuits.com/uploads/articles/BBUART_diagram1_2.JPG},
  urldate={2018-04-17},
  year={2017}
}

@misc{uni-tvs-clamp,
  title={Campling action of a uni-directional TVS},
  author={Renesas},
  organization={Renesas},
  year={2016}
}

@misc{bi-tvs-clamp,
  title={Campling action of a bi-directional TVS},
  author={Renesas},
  organization={Renesas},
  year={2016}
}

@misc{esd-test-waveform,
  title={ESD Test Wave},
  author={Littlelfuse},
  organization={Littlelfuse},
  year={2015}
}

@misc{uni-tvs-curve,
  title={V X I characteristic of a uni-directional TVS},
  author={Renesas},
  organization={Renesas},
  year={2016}
}

@misc{bi-tvs-curve,
  title={V X I characteristic of a bi-directional TVS},
  author={Renesas},
  organization={Renesas},
  year={2016}
}

@misc{16lfcsp,
  title={16-LFCSP Footprint},
  author={Analog Devices},
  year={2016}
}

@misc{adafruit-5v-ready,
  title={Adafruit ADXL335 - 5V ready},
  author={Adafruit},
  year={2016}
}

@misc{tl2575-05-circuit,
  author = {Joao Guimaraes},
  title = {5V Power Supply Circuit},
  year = 2018,
}

@misc{lm2574-12-circuit,
  author = {Joao Guimaraes},
  title = {12V Power Supply Circuit},
  year = 2018,
}

@misc{input-protection-circuit,
  author = {Joao Guimaraes},
  title = {Voltage Input Protection Circuit},
  year = 2018,
}

@misc{LM78L10-circuit,
  author = {Joao Guimaraes},
  title = {10V voltage reference circuit},
  year = 2018,
}

@misc{LM4040DYM3-5.0-TR-circuit,
  author = {Joao Guimaraes},
  title = {5V voltage reference circuit},
  year = 2018,
}

@misc{max6107-circuit-circuit,
  author = {Joao Guimaraes},
  title = {4V5 voltage reference circuit},
  year = 2018,
}

@misc{ADR510ARTZ-circuit,
  author = {Joao Guimaraes},
  title = {1V voltage reference circuit},
  year = 2018,
}

@misc{adr510-typical-circuit,
  organization = {Analog Devices},
  title = {1ADR510 Typical Operating Circuit},
  year = 2018,
}

@misc{pmos-low-side-driver,
  organization = {Electronics Tutorials},
  title = {P-channel MOSFET Relay Switch Circuit},
  url = {https://www.electronics-tutorials.ws/articles/switch8.gif},
  urldate = {2018-05-03},
  year = 2018,
}

@misc{digital-output-circuit,
  author = {Joao Guimaraes},
  title = {Digital Output Circuit},
  year = 2018,
}

@misc{digital-input-circuit,
  author = {Joao Guimaraes},
  title = {Digital Input Circuit},
  year = 2018,
}

@misc{typical-connections-for-isp-programming,
  title = {Typical Connections for ISP Programming},
  organization={Equinox Tech},
  year = {2018},
}

@misc{mosfet-structure,
  title = {MOSFET structure},
  url = {http://tsulo.com/p/0985/},
  year = 2018,
}

@misc{lm2907-minimum-component-tachometer,
  title = {LM2907 Tachometer with Adjustable Zero Speed Voltage Output},
  organization = {Texas Instrumets},
  year = 2018,
}

@misc{ckp-conditioning-circuit,
  title = {Speed Acquisition Channel Circuit},
  author = {Joao Guimaraes},
  year = 2018,
}

@misc{ckp-detection-circuit,
  title = {Speed Sensor Detection Channel Circuit},
  author = {Joao Guimaraes},
  year = 2018,
}

@misc{pcb-print-diagonal,
  title = {PCB 3D View},
  author = {Joao Guimaraes},
  year = 2018,
}

@misc{pcb-print-top,
  title = {PCB Top 3D View},
  author = {Joao Guimaraes},
  year = 2018,
}

@misc{pcb-print-bot,
  title = {PCB Bottom 3D View},
  author = {Joao Guimaraes},
  year = 2018,
}

@misc{pcb-design-top,
  title = {PCB Top 2D View},
  author = {Joao Guimaraes},
  year = 2018,
}

@misc{pcb-design-bottom,
  title = {PCB Bottom 2D View},
  author = {Joao Guimaraes},
  year = 2018,
}